<?xml version="1.0" encoding="UTF-8"?><collection xmlns="http://www.loc.gov/MARC21/slim"><record><leader>00411nam--2200109-i-4500</leader><controlfield tag="001">000018740</controlfield><controlfield tag="002">20161230</controlfield><controlfield tag="005">20161230201032</controlfield><controlfield tag="008">060222s1000------------r-----000-0-eng-d</controlfield><datafield ind1=" " ind2=" " tag="245"><subfield code="a">Congres international de physique nucleaire 30-e anniversaire de la decouverte de la radioactivite artificielle, paris 2-8 juillet 1964.abstracts of contributed papers</subfield></datafield><datafield ind1=" " ind2=" " tag="260"><subfield code="a">Gap, Imprimerie Louis-jean, 1964. 162 P</subfield></datafield><datafield ind1=" " ind2=" " tag="852"><subfield code="a">20232</subfield></datafield></record></collection>